
@book{bou04,
	author    = {Bouchut, F.},
	title     = {Nonlinear Stability of Finite Volume Methods for Hyperbolic Conservation Laws},
	publisher = {Birkh\"{a}user Basel},
	volume    = {},
	series    = {Frontiers in Mathematics},
	edition   = {1},
	address   = {},
	month     = {},
	year      = {2004},
	doi       = {10.1007/b93802}}

@mastersthesis{bor15,
	author  = {Bore, S. L.}, 
	title   = {High-Resolution {Large Time-Step} Schemes for Hyperbolic Conservation Laws},
	school  = {Dept. of Energy and Process Engineering},
	month   = {},
	year    = {2015},
	address = {Norwegian University of Science and Technology},
	url     = {http://hdl.handle.net/11250/2352144}}

@inbook{bre11,
	author    = {Bressan, A.},
	title     = {Open Questions in the Theory of One Dimensional Hyperbolic Conservation Laws},
	chapter   = {},
	booktitle = {Nonlinear Conservation Laws and Applications},
	series    = {},
	editor    = {Bressan, A. and Chen, G.-Q. G. and Lewicka, M. and Wang. D.},
	publisher = {Springer US},
	address   = {Boston, MA},
	year      = {2011},
	pages     = {1--22},
	doi       = {10.1007/978-1-4419-9554-4_1}}

@inbook{cor93,
	author    = {Corrias, L. and Falcone, M. and Natalini, R.},
	title     = {On a Class of Large Time-Step Schemes for Conservation Laws},
	chapter   = {},
	booktitle = {Nonlinear Hyperbolic Problems: Theoretical, Applied, and Computational Aspects: Proceedings of the Fourth International Conference on Hyperbolic Problems},
	series    = {Notes on Numerical Fluid Mechanics},
	editor    = {Donato, A. and Oliveri, F.},
	publisher = {Vieweg+Teubner Verlag},
	address   = {Taormina, Italy},
	year      = {1993},
	pages     = {159--170},
	doi       = {10.1007/978-3-322-87871-7_19}}

@book{daf10,
	author    = {Dafermos, C. M.},
	title     = {Hyperbolic Conservation Laws in Continuum Physics},
	publisher = {Springer-Verlag Berlin Heidelberg},
	volume    = {325},
	series    = {Grundlehren der mathematischen Wissenschaften},
	edition   = {3},
	address   = {},
	month     = {},
	year      = {2010},
	doi       = {10.1007/978-3-642-04048-1}}

@book{dre99,
	author    = {Drew, D. A. and Passman, S. L.},
	title     = {Theory of Multicomponent Fluids},
	publisher = {Springer, New York, NY},
	volume    = {135},
	series    = {Applied Mathematical Sciences},
	edition   = {},
	address   = {},
	month     = {},
	year      = {1999},	
	doi       = {10.1007/b97678}}

@book{ish11,
	author    = {Ishii, M. and Hibiki, T.},
	title     = {Thermo-Fluid Dynamics of Two-Phase Flow},
	publisher = {Springer-Verlag New York},
	volume    = {},
	series    = {},
	edition   = {2},
	address   = {},
	month     = {},
	year      = {2011},
	doi       = {10.1007/978-1-4419-7985-8}}

@techreport{ers13,
	author      = {Ersoy, M. and Golay, F. and Yushchenko, L.},
	title       = {Adaptive Scheme Based on Entropy Production: {Robustness} Through Severe Test Cases for Hyperbolic Conservation Laws},
	type        = {Research Report},
	institution = {Imath},
	year        = {2013},
	url         = {https://hal.archives-ouvertes.fr/hal-00918773}}

@phdthesis{fjo13,
	author  = {Fjordholm, U. S.},
	title   = {High-Order Accurate Entropy Stable Numerical Schemes for Hyperbolic Conservation Laws},
	school  = {ETH Z\"{u}rich},
	address = {},
	month   = {},
	year    = {2013}}

@book{god96,
	author    = {Godlewski, E. and Raviart, P.-A.},
	title     = {Numerical Approximation of Hyperbolic Systems of Conservation Laws},
	publisher = {Springer New York},
	volume    = {118},
	series    = {Applied Mathematical Sciences},
	edition   = {2},
	address   = {},
	month     = {},
	year      = {1996},
	doi       = {10.1007/978-1-4612-0713-9}}

@inbook{hel01,
	author    = {Helzel, C. and Warnecke, G.},
	title     = {Unconditionally Stable Explicit Schemes for the Approximation of Conservation Laws},
	chapter   = {},
	booktitle = {Ergodic Theory, Analysis, and Efficient Simulation of Dynamical Systems},
	series    = {},
	editor    = {Fiedler, B.},
	publisher = {Springer Berlin Heidelberg},
	address   = {Berlin, Heidelberg},
	year      = {2001},
	pages     = {775--804},
	doi       = {10.1007/978-3-642-56589-2_31}}

@book{lax72,
	author    = {Lax, P.},
	title     = {Hyperbolic Systems of Conservation Laws and the Mathematical Theory of Shock Waves},
	publisher = {Society for Industrial and Applied Mathematics},
	volume    = {},
	series    = {},
	edition   = {},
	address   = {},
	month     = {},
	year      = {1972},
	doi       = {10.1137/1.9781611970562}}

@inproceedings{len12,
	author       = {Lentine, M. and Cong, M. and Patkar, S. and Fedkiw, R.},
	title        = {Simulating Free Surface Flow with Very Large Time Steps},
	booktitle    = {Proceedings of the ACM SIGGRAPH/Eurographics Symposium on Computer Animation},
	editor       = {Kry, P. and Lee, J.},
	organization = {},
	publisher    = {Eurographics Association},
	address      = {Lausanne, Switzerland},
	month        = {July}, 
	year         = {2012},
	pages        = {107--116},
	doi          = {10.2312/SCA/SCA12/107-116}} 

@book{lev92,
	author    = {LeVeque, R. J.},
	title     = {Numerical Methods for Conservation Laws},
	publisher = {Birkh\"{a}user Basel},
	volume    = {},
	series    = {Lectures in Mathematics. ETH Z\"{u}rich},
	edition   = {2},
	address   = {},
	month     = {},
	year      = {1992},
	doi       = {10.1007/978-3-0348-8629-1}}

@book{lev02,
	author    = {LeVeque, R. J.},
	title     = {Finite Volume Methods for Hyperbolic Problems},
	publisher = {Cambridge University Press},
	volume    = {},
	series    = {Cambridge Texts in Applied Mathematics (Book 31)},
	edition   = {1},
	address   = {},
	month     = {August},
	year      = {2002},
	doi       = {10.1017/CBO9780511791253}}

@inproceedings{lin16b,
	author       = {Lindqvist, S. and Lund, H.},
	title        = {A {Large} {Time} {Step} {Roe} Scheme Applied to Two-Phase Flow},
	booktitle    = {VII European Congress on Computational Methods in Applied Sciences and Engineering},
	editor       = {Papadrakakis, M. and Papadopoulos, V. and Stefanou, G. and Plevris, V.},
	organization = {ECCOMAS},
	publisher    = {},
	address      = {Crete Island, Greece},
	month        = {June}, 
	year         = {2016},
	pages        = {},
	doi          = {}} 

@phdthesis{lun13,
	author  = {Lund, H.},
	title   = {Relaxation Models for Two-Phase Flow With Applications to {CO\textsubscript{2}} Transport},
	school  = {Norwegian University of Science and Technology},
	address = {},
	month   = {},
	year    = {2013}}

@inproceedings{mak15,
	author       = {Makwana, N. N. and Chatterjee, A.},
	title        = {Fast Solution of Time Domain {Maxwell's} Equations Using Large Time Steps},
	booktitle    = {2015 {IEEE} International Conference on Computational Electromagnetics (ICCEM 2015)},
	editor       = {},
	organization = {},
	publisher    = {Institute of Electrical and Electronics Engineers (IEEE)},
	address	 = {Hong Kong, China},
	month        = {February},
	year         = {2015},
	pages        = {330--332},
	doi          = {10.1109/COMPEM.2015.7052651}} 

@inproceedings{mee17,
	author       = {Meese, E. A. and Johansen, S. T.},
	title        = {A Simulation Concept for Generic Simulation of Multi-Material Flow Using Staggered {Cartesian} Grids},
	booktitle    = {Progress in Applied CFD -- CFD2017},
	editor       = {Olsen, J. E. and Johansen, S. T.},
	organization = {},
	publisher    = {SINTEF Academic Press},
	address	 = {Trondheim, Norway},
	month        = {June},
	year         = {2017},
	pages        = {253--263},
	doi          = {}} 

@inproceedings{mor12b,
	author       = {Morales-Hern\'{a}ndez, M. and Murillo, J. and Garc\'{\i}a-Navarro, P. and Burguete, J.},
	title        = {A Large Time Step Upwind Scheme for the Shallow Water Equations With Source Terms},
	booktitle    = {Numerical Methods for Hyperbolic Equations},
	editor       = {Elena V\'{a}zquez Cend\'{o}n and Arthuro Hidalgo and Garc\'{\i}a-Navarro, P. and Luis Cea},
	organization = {},
	publisher    = {CRC Press},
	address	 = {},
	month        = {},
	year         = {2012},
	pages        = {141--148},
	doi          = {10.1201/b14172-17}} 

@mastersthesis{nyg17,
	author  = {Nygaard, R.}, 
	title   = {{Large} {Time} {Step} Methods for Hyperbolic Partial Differential Equations},
	school  = {Dept. of Energy and Process Engineering},
	month   = {},
	year    = {2017},
	address = {Norwegian University of Science and Technology},
	url     = {http://hdl.handle.net/11250/2454922}}

@misc{pel01,
	author  = {Pelanti, M. and Quartapelle, L. and Vigevano, L.}, 
	title   = {A Review of Entropy Fixes as Applied to {Roeâ€™s} Linearization},
	month   = {},
	year    = {2001},
	note    = {Teaching material of the Aerospace and Aeronautics Department of Politecnico di Milano},
	url     = {http://services.aero.polimi.it/~quartape/bacheca/materiale_didattico/ef_JCP.pdf}}

@inproceedings{cp1,
	author       = {Prebeg, M. and Fl{\aa}tten, T. and M{\"u}ller, B.},
	title        = {Boundary and Source Term Treatment in the {Large} {Time} {Step} Method for a Common Two-Fluid Model},
	booktitle    = {Proceedings of the 11th International Conference on CFD in the Minerals and Process Industries},
	editor       = {Solnordal, C. B. and Liovic, P. and Delaney, G. W. and Cummins, S. J. and Schwarz, M. P. and Witt, P. J.},
	organization = {},
	publisher    = {},
	address	 = {Melbourne, Australia},
	month        = {},
	year         = {2015},
	pages        = {},
	doi          = {},
	keywords	 = {my}} 

@inproceedings{cp2,
	author       = {Prebeg, M.},
	title        = {Numerical Viscosity in {Large} {Time} {Step} {HLL-type} Schemes},
	booktitle    = {Proceedings of the Sixteenth International Conference on Hyperbolic Problems, HYP2016},
	editor       = {Klingenberg, C. and Westdickenberg, M.},
	organization = {},
	publisher    = {},
	address	 = {Aachen, Germany},
	month        = {},
	year         = {2017},
	pages        = {},
	doi          = {},
	note         = {Accepted for publication.},
	keywords	 = {my}} 

@mastersthesis{sol16,
	author  = {Solberg, A. A.}, 
	title   = {{Large} {Time} {Step} Explicit Schemes for Partial Differential Evolution Equations},
	school  = {Dept. of Energy and Process Engineering},
	month   = {},
	year    = {2016},
	address = {Norwegian University of Science and Technology},
	url     = {http://hdl.handle.net/11250/2409951}}

@book{sta06,
	author    = {St\"{a}dtke, H.},
	title     = {Gasdynamic Aspects of Two-Phase Flow},
	publisher = {Wiley-VCH Verlag GmbH \& Co. KGaA},
	volume    = {},
	series    = {},
	edition   = {1},
	address   = {},
	month     = {},
	year      = {2006},
	doi       = {10.1002/9783527610242}}

@inbook{shu99,
	author    = {Shu, C.-W.},
	title     = {High Order {ENO} and {WENO} Schemes for Computational Fluid Dynamics},
	chapter   = {},
	booktitle = {High-Order Methods for Computational Physics},
	series    = {},
	editor    = {Barth, T. J. and Deconinck, H.},
	publisher = {Springer Berlin Heidelberg},
	address   = {Berlin, Heidelberg},
	year      = {1999},
	pages     = {439--582},
	doi       = {10.1007/978-3-662-03882-6_5}}

@inbook{tad16,
	author    = {Tadmor, E.},
	title     = {Entropy Stable Schemes},
	chapter   = {18},
	booktitle = {Handbook of Numerical Methods for Hyperbolic Problems},
	series    = {Handbook of Numerical Analysis},
	editor    = {Abgrall, R. and Shu, C.-W.},
	publisher = {North Holland},
	address   = {},
	year      = {2016},
	pages     = {467--493},
	doi       = {10.1016/bs.hna.2016.09.006}}

@book{tor09,
	author    = {Toro, E. F.},
	title     = {Riemann Solvers and Numerical Methods for Fluid Dynamics},
	publisher = {Springer-Verlag Berlin Heidelberg},
	volume    = {},
	series    = {},
	edition   = {3},
	address   = {},
	month     = {},
	year      = {2009},
	doi       = {10.1007/b79761}}

@book{tra09,
	author    = {Trangenstein, J. A.},
	title     = {Numerical Solution of Hyperbolic Partial Differential Equations},
	publisher = {Cambridge University Press},
	volume    = {},
	series    = {},
	edition   = {},
	address   = {},
	month     = {September},
	year      = {2009},
	doi       = {}}

