
@article{letterA,}

@article{abg10,
	author  = {Abgrall, R. and Karni, S.},
	title   = {A Comment on the Computation of Non-Conservative Products},
	journal = {J. Comput. Phys.},
	volume  = {229},
	number  = {8},
	month   = {April},
	year    = {2010},
	pages   = {2759--2763},
	doi     = {10.1016/j.jcp.2009.12.015}}

@article{all02,
	author  = {Allaire, G. and Clerc, S. and Kokh, S.},
	title   = {A Five-Equation Model for the Simulation of Interfaces between Compressible Fluids},
	journal = {J. Comput. Phys.},
	volume  = {181},
	number  = {2},
	month   = {September},
	year    = {2002},
	pages   = {577--616},
	doi     = {10.1006/jcph.2002.7143}}

@article{amb07,
	author  = {Ambati, V. R. and Bokhove, O.},
	title   = {Space--Time Discontinuous {Galerkin} Discretization of Rotating Shallow Water Equations},
	journal = {J. Comput. Phys.},
	volume  = {225},
	number  = {2},
	month   = {August},
	year    = {2007},
	pages   = {1233--1261},
	doi     = {10.1016/j.jcp.2007.01.036}}

@article{aud05,
	author  = {Audusse, E. and Bristeau, M.-O.},
	title   = {A Well-Balanced Positivity Preserving “Second-Order” Scheme for Shallow Water Flows on Unstructured Meshes},
	journal = {J. Comput. Phys.},
	volume  = {206},
	number  = {1},
	month   = {June},
	year    = {2005},
	pages   = {311--333},
	doi     = {10.1016/j.jcp.2004.12.016}}

@article{letterB,}

@article{bal99,
	author  = {Balsara, S. D. and Spicer, D.},
	title   = {Maintaining Pressure Positivity in Magnetohydrodynamic Simulations},
	journal = {J. Comput. Phys.},
	volume  = {148},
	number  = {1},
	month   = {January},
	year    = {1999},
	pages   = {133--148},
	doi     = {10.1006/jcph.1998.6108}}

@article{bat97,
	author  = {Batten, P. and Clarke, N. and Lambert, C. and Causon, D. M.},
	title   = {On the Choice of Wavespeeds for the {HLLC} {Riemann} Solver},
	journal = {SIAM J. Sci. Comput.},
	volume  = {18},
	number  = {6},
	month   = {November},
	year    = {1997},
	pages   = {1553--1570},
	doi     = {10.1137/S1064827593260140}}

@article{ber06,
	author  = {Berthon, C.},
	title   = {Robustness of {MUSCL} Schemes for {2D} Unstructured Meshes},
	journal = {J. Comput. Phys.},
	volume  = {218},
	number  = {2},
	month   = {November},
	year    = {2006},
	pages   = {495--509},
	doi     = {10.1016/j.jcp.2006.02.028}}

@article{ber07,
	author  = {Berthon, C. and Charrier, P. and Dubroca, B.},
	title   = {An {HLLC} Scheme to Solve the M\textsubscript{1} Model of Radiative Transfer in Two Space Dimensions},
	journal = {J. Sci. Comput.},
	volume  = {31},
	number  = {3},
	month   = {June},
	year    = {2007},
	pages   = {347--389},
	doi     = {10.1007/s10915-006-9108-6}}

@article{bre84,
	author  = {Brenier, Y.},
	title   = {Averaged Multivalued Solutions for Scalar Conservation Laws},
	journal = {SIAM J. Numer. Anal.},
	volume  = {21},
	number  = {6},
	month   = {December},
	year    = {1984},
	pages   = {1013--1037},
	doi     = {10.1137/0721063}}

@article{letterC,}

@article{cal13,
	author  = {Calgaro, C. and Creus\'{e}, E. and Goudon, T. and Penel, Y.},
	title   = {Positivity-Preserving Schemes for {Euler} Equations: {Sharp} and Practical {CFL} Conditions},
	journal = {J. Comput. Phys.},
	volume  = {234},
	number  = {},
	month   = {February},
	year    = {2013},
	pages   = {417-438},
	doi     = {10.1016/j.jcp.2012.09.040}}

@article{cas06,
	author  = {Castro, C. E. and Toro, E. F.},
	title   = {A {Riemann} Solver and Upwind Methods for a Two-Phase Flow Model in Non-Conservative Form},
	journal = {Int. J. Numer. Meth. Fluids},
	volume  = {50},
	number  = {3},
	month   = {January},
	year    = {2006},
	pages   = {275--307},
	doi	  = {10.1002/fld.1055}}

@article{cas08,
	author  = {Castro, M. J. and LeFloch, P. G. and Mu\~{n}oz-Ruiz, M. L. and Par\'{e}s, C.},
	title   = {Why Many Theories of Shock Waves are Necessary: {Convergence} Error in Formally Path-Consistent Schemes},
	journal = {J. Comput. Phys.},
	volume  = {227},
	number  = {17},
	month   = {September},
	year    = {2008},
	pages   = {8107--8129},
	doi     = {10.1016/j.jcp.2008.05.012}}

@article{cas09,
	author  = {Castro, M. J. and Pardo, A. and Par\'{e}s, C. and Toro, E. F.},
	title   = {On Some Fast Well-Balanced First Order Solvers for Nonconservative Systems},
	journal = {Math. Comp.},
	volume  = {79},
	number  = {271},
	month   = {July},
	year    = {2010},
	pages   = {1427--1472},
	doi     = {10.1090/S0025-5718-09-02317-5}}

@article{che07,
	author  = {Cheng, J. and Shu, C.-W.},
	title   = {A High Order {ENO} Conservative {Lagrangian} Type Scheme for the Compressible {Euler} Equations},
	journal = {J. Comput. Phys.},
	volume  = {227},
	number  = {2},
	month   = {December},
	year    = {2007},
	pages   = {1567--1596},
	doi     = {10.1016/j.jcp.2007.09.017}}

@article{che14,
	author  = {Cheng, J. and Shu, C.-W.},
	title   = {Positivity-Preserving {Lagrangian} Scheme for Multi-Material Compressible Flow},
	journal = {J. Comput. Phys.},
	volume  = {257},
	number  = {A},
	month   = {January},
	year    = {2014},
	pages   = {143--168},
	doi     = {10.1016/j.jcp.2013.09.047}}

@article{che15,
	author  = {Chertock, A. and Cui, S. and Kurganov, A. and Wu, T.},
	title   = {Well-Balanced Positivity Preserving Central-Upwind Scheme for Shallow Water System with Friction Term},
	journal = {Int. J. Numer. Meth. Fluids},
	volume  = {78},
	number  = {6},
	month   = {June},
	year    = {2015},
	pages   = {355--383},
	doi     = {10.1002/fld.4023}}

@article{cor95,
	author  = {Corrias, L. and Falcone, M. and Natalini, R.},
	title   = {Numerical Schemes for Conservation Laws via {Hamilton}-{Jacobi} Equations},
	journal = {Math. Comp.},
	volume  = {64},
	number  = {210},
	month   = {April},
	year    = {1995},
	pages   = {555--580},
	doi     = {10.2307/2153439}}

@article{cor98,
	author  = {Cortes, J. and Debussche, A. and Toumi, I.},
	title   = {A Density Perturbation Method to Study the Eigenstructure of Two-Phase Flow Equation Systems},
	journal = {J. Comput. Phys.},
	volume  = {147},
	number  = {2},
	month   = {December},
	year    = {1998},
	pages   = {463--484},
	doi     = {10.1006/jcph.1998.6096}}

@article{cor02,
	author  = {Cortes, J.},
	title   = {On the Construction of Upwind Schemes for Non-Equilibrium Transient Two-Phase Flows},
	journal = {Comput. Fluids},
	volume  = {31},
	number  = {2},
	month   = {February},
	year    = {2002},
	pages   = {159--182},
	doi     = {10.1016/S0045-7930(01)00026-3}}

@article{letterD,}

@article{dal95,
	author  = {Dal Maso, G. and LeFloch, P. G. and Murat, F.},
	title   = {Definition and Weak Stability of Nonconservative Products},
	journal = {J. Math. Pures Appl.},
	volume  = {74},
	number  = {6},
	month   = {January},
	year    = {1995},
	pages   = {483--548},
	doi     = {}}

@article{dau14,
	author  = {Daude, F. and Galon, P. and Gao, Z. and Blaud, E.},
	title   = {Numerical Experiments Using a {HLLC-type} Scheme With {ALE} Formulation for Compressible Two-Phase Flows Five-Equation Models With Phase Transition},
	journal = {Comput. Fluids},
	volume  = {94},
	number  = {},
	month   = {May},
	year    = {2014},
	pages   = {112-138},
	doi     = {10.1016/j.compfluid.2014.02.008}}

@article{dau16,
	author  = {Daude, F. and Galon, P.},
	title   = {On the Computation of the {Baer}--{Nunziato} Model Using {ALE} Formulation with {HLL}- and {HLLC-type} Solvers Towards Fluid--Structure Interactions},
	journal = {J. Comput. Phys.},
	volume  = {304},
	number  = {},
	month   = {January},
	year    = {2016},
	pages   = {189--230},
	doi     = {10.1016/j.jcp.2015.09.056}}

@article{dav88,
	author  = {Davis, S. F.},
	title   = {Simplified Second-Order {Godunov}-Type Methods},
	journal = {SIAM J. Sci. Stat. Comput.},
	volume  = {9},
	number  = {3},
	month   = {May},
	year    = {1988},
	pages   = {445--473},
	doi     = {10.1137/0909030}}

@article{dum09,
	author  = {Dumbser, M. and Castro, M. and Par\'{e}s, C. and Toro, E. F.},
	title   = {{ADER} Schemes on Unstructured Meshes for Nonconservative Hyperbolic Systems: Application to Geophysical Flows},
	journal = {Comput. Fluids},
	volume  = {38},
	number  = {9},
	month   = {October},
	year    = {2009},
	pages   = {1731--1748},
	doi     = {10.1016/j.compfluid.2009.03.008}}

@article{dum10,
	author  = {Dumbser, M. and Hidalgo, A. and Castro, M. and Par\'{e}s, C. and Toro, E. F.},
	title   = {{FORCE} Schemes on Unstructured Meshes II: Non-Conservative Hyperbolic Systems},
	journal = {Comput. Meth. Appl. Mech. Eng.},
	volume  = {199},
	number  = {9--12},
	month   = {January},
	year    = {2010},
	pages   = {625--647},
	doi     = {10.1016/j.cma.2009.10.016}}

@article{letterE,}

@article{ein88,
	author  = {Einfeldt, B.},
	title   = {On {Godunov}-Type Methods for Gas Dynamics},
	journal = {SIAM J. Numer. Anal.},
	volume  = {25},
	number  = {2},
	month   = {April},
	year    = {1988},
	pages   = {294--318},
	doi     = {10.1137/0725021}}

@article{ein91,
	author  = {Einfeldt, B. and Munz, C.-D. and Roe, P. L. and Sj\"{o}green, B.},
	title   = {On {Godunov}-Type Methods near Low Densities},
	journal = {J. Comput. Phys.},
	volume  = {92},
	number  = {2},
	month   = {February},
	year    = {1991},
	pages   = {273--295},		
	doi     = {10.1016/0021-9991(91)90211-3}}

@article{ell92,
	author  = {Elliot, R. C. and Chaudhry M. H.},
	title   = {A Wave Propagation Model for Two-Dimensional Dam-Break Flows},
	journal = {J. Hydraul. Res.},
	volume  = {30},
	number  = {4},
	month   = {},
	year    = {1992},
	pages   = {467--483},
	doi     = {10.1080/00221689209498895}}

@article{eng81,
	author  = {Engquist, B. and Osher, S.},
	title   = {One-Sided Difference Approximations for Nonlinear Conservation Laws},
	journal = {Math. Comp.},
	volume  = {36},
	number  = {154},
	month   = {April},
	year    = {1981},
	pages   = {321--351},
	doi     = {10.1090/S0025-5718-1981-0606500-X}}

@article{evj03,
	author  = {Evje, S. and Fl\r{a}tten, T.},
	title   = {Hybrid Flux-Splitting Schemes for a Common Two-Fluid Model},
	journal = {J. Comput. Phys.},
	volume  = {192},
	number  = {1},
	month   = {November},
	year    = {2003},
	pages   = {175--210},
	doi     = {10.1016/j.jcp.2003.07.001}}

@article{letterF,}

@article{fje02,
	author  = {Fjelde, K. K. and Karlsen, K. H.},
	title   = {High-Resolution Hybrid Primitive--Conservative Upwind Schemes for the Drift Flux Model},
	journal = {Comput. Fluids},
	volume  = {31},
	number  = {3},
	month   = {March},
	year    = {2002},
	pages   = {335--367},
	doi     = {10.1016/S0045-7930(01)00041-X}}

@article{fla12,
	author  = {Fl\r{a}tten, T. and Morin, A.},
	title   = {On Interface Transfer Terms in Two-Fluid Models},
	journal = {Int. J. Multiph. Flow},
	volume  = {45},
	number  = {},
	month   = {October},
	year    = {2012},
	pages   = {24--29},
	doi     = {10.1016/j.ijmultiphaseflow.2012.05.002}}

@article{letterG,}

@article{gal03,
	author  = {Gallice, G.},
	title   = {Positive and Entropy Stable {Godunov-type} Schemes for Gas Dynamics and {MHD} Equations in {Lagrangian} or {Eulerian} Coordinates},
	journal = {Numer. Math.},
	volume  = {94},
	number  = {4},
	month   = {June},
	year    = {2003},
	pages   = {673--713},
	doi     = {10.1007/s00211-002-0430-0}}

@article{gar94,
	author  = {Garc\'{\i}a-Navarro, P. and Priestley, A.},
	title   = {A Conservative and Shape-Preserving Semi-{Lagrangian} Method for the Solution of the Shallow Water Equations},
	journal = {Int. J. Numer. Meth. Fluids},
	volume  = {18},
	number  = {3},
	month   = {February},
	year    = {1994},
	pages   = {273--294},
	doi     = {10.1002/fld.1650180304}}

@article{god59,
	author  = {Godunov, S. K.},
	title   = {A Finite Difference For Numerical Calculation of Discontinuous Solutions of the Equations of Hydrodynamics},
	journal = {Mat. Sb.},
	volume  = {89},
	number  = {3},
	month   = {},
	year    = {1959},
	pages   = {271--306},
	doi     = {},
	note    = {(In Russian)}}

@article{god59b,
	author  = {Godunov, S. K.},
	title   = {A Finite Difference Method for the Computation of Discontinuous Solutions of the Equations of Fluid Dynamics},
	journal = {Sb. Math.},
	volume  = {47},
	number  = {8--9},
	month   = {},
	year    = {1959},
	pages   = {357--393},
	doi     = {}}

@article{gol83,
	author  = {Goldberg, D. E. and Benjamin Wylie, E.},
	title   = {Characteristics Method Using Time-Line Interpolations},
	journal = {J. Hydraul. Eng.},
	volume  = {109},
	number  = {5},
	month   = {May},
	pages   = {670--683},
	year    = {1983},
	doi     = {10.1061/(ASCE)0733-9429(1983)109:5(670)}}

@article{gre04,
	author  = {Greenberg, J. A. and Rider, W. J.},
	title   = {A Quantitative Comparison of Numerical Methods for the Compressible {Euler} Equations: Fifth-Order {WENO} and Piecewise-Linear {Godunov}},
	journal = {J. Comput. Phys.},
	volume  = {196},
	number  = {1},
	month   = {May},
	year    = {2004},
	pages   = {259--281},
	doi     = {10.1016/j.jcp.2003.11.002}}

@article{gre99,
	author  = {Gressier, J. and Villedieu, P. and Moschetta J.-M.},
	title   = {Positivity of Flux Vector Splitting Schemes},
	journal = {J. Comput. Phys.},
	volume  = {155},
	number  = {1},
	month   = {October},
	year    = {1999},
	pages   = {199--220},
	doi     = {10.1006/jcph.1999.6337}}

@article{gri86,
	author  = {Griffiths, D. F. and Sanz-Serna, J. M.},
	title   = {On the Scope of the Method of Modified Equations},
	journal = {SIAM J. Sci. Stat. Comput.},
	volume  = {7},
	number  = {3},
	month   = {July},
	year    = {1986},
	pages   = {994--1008},
	doi     = {10.1137/0907067}}

@article{gui02a,
	author  = {Guinot, V.},
	title   = {The Time-Line Interpolation Method for {Large}-{Time}-{Step} {Godunov}-Type Schemes},
	journal = {J. Comput. Phys.},
	volume  = {177},
	number  = {2},
	month   = {April},
	pages   = {394--417},
	year    = {2002},
	doi     = {10.1006/jcph.2002.7013}}

@article{gui02b,
	author  = {Guinot, V.},
	title   = {An Unconditionally Stable, Explicit {Godunov} Scheme for Systems of Conservation Laws},
	journal = {Int. J. Numer. Meth. Fluids},
	volume  = {38},
	number  = {6},
	month   = {February},
	year    = {2002},
	pages   = {567--588},
	doi     = {10.1002/fld.235}}

@article{letterH,}

@article{har76,
	author  = {Harten, A. and Hyman, J. M. and Lax. P. D. and Keyfitz, B.},
	title   = {On Finite-Difference Approximations and Entropy Conditions for Shocks},
	journal = {Comm. Pure and Appl. Math.},
	volume  = {29},
	number  = {3},
	month   = {May},
	year    = {1976},
	pages   = {297--322},
	doi     = {10.1002/cpa.3160290305}}

@article{har83a,
	author  = {Harten, A. and Lax, P. D. and van Leer, B.},
	title   = {On Upstream Differencing and {Godunov}-Type Schemes for Hyperbolic Conservation Laws},
	journal = {SIAM Rev.},
	volume  = {25},
	number  = {1},
	month   = {January},
	year    = {1983},
	pages   = {35--61},
	doi     = {10.1137/1025002}}

@article{har83b,
	author  = {Harten, A.},
	title   = {High Resolution Schemes for Hyperbolic Conservation Laws},
	journal = {J. Comput. Phys.},
	volume  = {49},
	number  = {3},
	year    = {1983},
	month   = {March},
	pages   = {357--393},
	doi     = {10.1016/0021-9991(83)90136-5}}

@article{har83c,
	author  = {Harten, A. and Hyman, J. M.},
	title   = {Self Adjusting Grid Methods for One-Dimensional Hyperbolic Conservation Laws},
	journal = {J. Comput. Phys.},
	volume  = {50},
	number  = {2},
	month   = {May},
	year    = {1983},
	pages   = {235--269},
	doi     = {10.1016/0021-9991(83)90066-9}}

@article{har86,
	author  = {Harten, A.},
	title   = {On a {Large} {Time}--{Step} High Resolution Scheme},
	journal = {Math. Comp.},
	volume  = {46},
	number  = {174},
	month   = {May},
	year    = {1986},
	pages   = {379--399},
	doi     = {10.1090/S0025-5718-1986-0829615-4}}

@article{hol88,
	author  = {Holden, H. and Holden, L. and H{\o}egh-Krohn, R.},
	title   = {A Numerical Method for First Order Nonlinear Scalar Conservation Laws in One-Dimension},
	journal = {Comput. Math. Appl.},
	volume  = {15},
	number  = {6--8},
	month   = {},
	year    = {1988},
	pages   = {595--602},		
	doi     = {10.1016/0898-1221(88)90282-9}}

@article{hol93,
	author  = {Holden, H. and Risebro, N. H.},
	title   = {A Method of Fractional Steps for Scalar Conservation Laws Without the {CFL} Condition},
	journal = {Math. Comp.},
	volume  = {60},
	number  = {201},
	month   = {January},
	year    = {1993},
	pages   = {221--232},
	doi     = {10.2307/2153162}}

@article{hol99,
	author  = {Holden, H. and Knut-Andreas, L. and Risebro, N. H.},
	title   = {An Unconditionally Stable Method for the {Euler} Equations},
	journal = {J. Comput. Phys.},
	volume  = {150},
	number  = {1},
	month   = {March},
	year    = {1999},
	pages   = {76--96},
	doi     = {10.1006/jcph.1998.6164}}

@article{hon07,
	author  = {Honkkila, V. and Janhunen, P.},
	title   = {{HLLC} Solver for Ideal Relativistic {MHD}},
	journal = {J. Comput. Phys.},
	volume  = {223},
	number  = {2},
	month   = {May},
	year    = {2007},
	pages   = {643--656},
	doi     = {10.1016/j.jcp.2006.09.027}}

@article{hou94,
	author  = {Hou, T. Y. and LeFloch, P. G.},
	title   = {Why Nonconservative Schemes Converge to Wrong Solutions: {Error} Analysis},
	journal = {Math. Comp.},
	volume  = {62},
	number  = {206},
	month   = {April},
	year    = {1994},
	pages   = {497--530},
	doi     = {10.1090/S0025-5718-1994-1201068-0}}

@article{hu13,
	author  = {Hu, X. Y. and Adams, N. A. and Shu, C.-W.},
	title   = {Positivity-Preserving Method for High-Order Conservative Schemes Solving Compressible {Euler} Equations},
	journal = {J. Comput. Phys.},
	volume  = {242},
	number  = {},
	month   = {June},
	year    = {2013},
	pages   = {169--180},
	doi     = {10.1016/j.jcp.2013.01.024}}

@article{hua02,
	author  = {Huang, J. and Wang, J. and Warnecke, G.},
	title   = {Error Bounds for the Large Time Step {Glimm} Scheme Applied to Scalar Conservation Laws},
	journal = {Numer. Math.},
	volume  = {91},
	number  = {1},
	month   = {},
	year    = {2002},
	pages   = {13--34},
	doi     = {10.1007/s002110100335}}

@article{hus15,
	author  = {Hussain, M. and Haq, I. and Fatima, N.},
	title   = {Efficient and Accurate Scheme for Hyperbolic Conservation Laws},
	journal = {Int. J. Math. Model. Meth. Appl. Sci.},
	volume  = {9},
	number  = {504--511},
	month   = {January},
	year    = {2015},
	pages   = {504--511},
	doi     = {}}

@article{letterJ,}

@article{jam86,
	author  = {Jameson, A. and Lax, P. D.},
	title   = {Conditions for the Construction of Multi-Point Total Variationl Diminishing Difference Schemes},
	journal = {Appl. Numer. Math.},
	volume  = {2},
	number  = {3--5},
	month   = {October},
	year    = {1986},
	pages   = {335--345},
	doi     = {10.1016/0168-9274(86)90038-3}}

@article{jam87,
	author  = {Jameson, A. and Lax, P. D.},
	title   = {Corrigendum: "{Conditions} for the Construction of Multi-Point Total Variation Diminishing Difference Schemes"},
	journal = {Appl. Numer. Math.},
	volume  = {3},
	number  = {3},
	month   = {June},
	year    = {1987},
	pages   = {289},
	doi     = {10.1016/0168-9274(87)90053-5}}

@article{jan00,
	author  = {Janhunen, P.},
	title   = {A Positive Conservative Method for Magnetohydrodynamics Based on {HLL} and {Roe} Methods},
	journal = {J. Comput. Phys.},
	volume  = {160},
	number  = {2},
	month   = {May},
	year    = {2000},
	pages   = {649--661},
	doi     = {10.1006/jcph.2000.6479}}

@article{letterK,}

@article{kle95,
	author  = {Klein, R.},
	title   = {Semi-Implicit Extension of a {Godunov}-type Scheme Based on Low {Mach} Number Asymptotics I: {One}-Dimensional Flow},
	journal = {J. Comput. Phys.},
	volume  = {121},
	number  = {2},
	month   = {October},
	year    = {1995},
	pages   = {213--237},
	doi     = {10.1016/S0021-9991(95)90034-9}}

@article{kli07,
	author  = {Klingenberg, C. and Schmidt, W. and Waagan, K.},
	title   = {Numerical Comparison of {Riemann} Solvers for Astrophysical Hydrodynamics},
	journal = {J. Comput. Phys.},
	volume  = {227},
	number  = {1},
	month   = {November},
	year    = {2007},
	pages   = {12--35},
	doi     = {10.1016/j.jcp.2007.07.034}}

@article{kru70,
	author  = {Kru\v{z}kov, S. N.},
	title   = {First Order Quasilinear Equations in Several Independent Variables},
	journal = {Math. USSR Sb.},
	volume  = {10},
	number  = {2},
	month   = {},
	year    = {1970},
	pages   = {217--243},
	doi     = {10.1070/SM1970v010n02ABEH002156}}

@article{kur07,
	author  = {Kurganov, A. and Petrova, G.},
	title   = {A Second-Order Well-Balanced Positivity Preserving Central-Upwind Scheme for the {Saint-Venant} System},
	journal = {Commun. Math. Sci.},
	volume  = {5},
	number  = {1},
	month   = {},
	year    = {2007},
	pages   = {133--160},
	doi     = {}}

@article{letterL,}

@article{lax60,
	author  = {Lax, P. and Wendroff, B.},
	title   = {Systems of Conservation Laws},
	journal = {Comm. Pure and Appl. Math.},
	volume  = {13},
	number  = {2},
	month   = {May},
	year    = {1960},
	pages   = {217-237},
	doi     = {10.1002/cpa.3160130205}} 

@article{len11,
	author  = {Lentine, M. and Gr{\'e}tarsson, J. T. and Fedkiw, R.},
	title   = {An Unconditionally Stable Fully Conservative Semi-{Lagrangian} Method},
	journal = {J. Comput. Phys.},
	volume  = {230},
	number  = {8},
	month   = {April},
	year    = {2011},
	pages   = {2857--2879},
	doi     = {10.1016/j.jcp.2010.12.036}} 

@article{leo94,
	author  = {Leonard, B. P.},
	title   = {Note on the von {Neumann} Stability of Explicit One-Dimensional Advection Schemes},
	journal = {Comput. Methods Appl. Mech. Engrg.},
	volume  = {118},
	number  = {1--2},
	month   = {September},
	year    = {1994},
	pages   = {29--46},
	doi     = {10.1016/0045-7825(94)90105-8}}

@article{leo95,
	author  = {Leonard, B. P. and Lock, A. P. and MacVean, M. K.},
	title   = {The {NIRVANA} Scheme Applied to One-Dimensional Advection},
	journal = {Int. J. Num. Meth. Heat Fluid Flow},
	volume  = {5},
	number  = {4},
	month   = {},
	year    = {1995},
	pages   = {341--377},
	doi     = {10.1108/EUM0000000004120}}

@article{leo96,
	author  = {Leonard, B. P. and Lock, A. P. and MacVean, M. K.},
	title   = {Conservative Explicit Unrestricted-Time-Step Multidimensional Constancy-Preserving Advection Schemes},
	journal = {Mon. Weather Rev.},
	volume  = {124},
	number  = {11},
	month   = {November},
	year    = {1996},
	pages   = {2588--2606},
	doi     = {10.1175/1520-0493(1996)124<2588:CEUTSM>2.0.CO;2}}

@article{lev82,
	author  = {LeVeque, R. J.},
	title   = {Large Time Step Shock-Capturing Techniques for Scalar Conservation Laws},
	journal = {SIAM J. Numer. Anal.},
	volume  = {19},
	number  = {6},
	month   = {December},
	year    = {1982},
	pages   = {1091--1109},
	doi     = {10.1137/0719080}}

@article{lev84,
	author  = {LeVeque, R. J.},
	title   = {Convergence of a Large Time Step Generalization of {Godunov's} Method for Conservation Laws},
	journal = {Comm. Pure Appl. Math.},
	volume  = {37},
	number  = {4},
	month   = {July},
	year    = {1984},
	pages   = {463--477},
	doi     = {10.1002/cpa.3160370405}}

@article{lev85,
	author  = {LeVeque, R. J.},
	title   = {A Large Time Step Generalization of {Godunov's} Method for Systems of Conservation Laws},
	journal = {SIAM J. Numer. Anal.},
	volume  = {22},
	number  = {6},
	month   = {December},
	year    = {1985},
	pages   = {1051--1073},
	doi     = {10.1137/0722063}}

@article{lev88,
	author  = {LeVeque, R. J.},
	title   = {High Resolution Finite Volume Methods on Arbitrary Grids via Wave Propagation},
	journal = {J. Comput. Phys.},
	volume  = {78},
	number  = {1},
	month   = {September},
	year    = {1988},
	pages   = {36--63},
	doi     = {10.1016/0021-9991(88)90036-8}}

@article{lev95,
	author  = {LeVeque, R. J. and Shyue, K.-M.},
	title   = {One-Dimensional Front Tracking Based on High Resolution Wave Propagation Methods},
	journal = {SIAM J. Sci. Comput.},
	volume  = {16},
	number  = {2},
	month   = {March},
	year    = {1995},
	pages   = {348--377},
	doi     = {10.1137/0916023}}

@article{lev01,
	author  = {LeVeque, R. J. and Pelanti, M.},
	title   = {A Class of Approximate {Riemann} Solvers and Their Relation to Relaxation Schemes},
	journal = {J. Comput. Phys.},
	volume  = {172},
	number  = {2},
	month   = {September},
	year    = {2001},
	pages   = {572--591},
	doi     = {10.1006/jcph.2001.6838}}

@article{li17,
	author  = {Li, P. and Don, W.-S. and Wang, C. and Gao, Z.},
	title   = {High Order Positivity- and Bound-Preserving Hybrid Compact-{WENO} Finite Difference Scheme for the Compressible {Euler} Equations},
	journal = {J. Sci. Comput.},
	volume  = {},
	number  = {},
	month   = {May},
	year    = {2017},
	pages   = {1--27},
	doi     = {10.1007/s10915-017-0452-5}}

@article{li05,
	author  = {Li, S.},
	title   = {An {HLLC} {Riemann} Solver for Magneto-Hydrodynamics},
	journal = {J. Comput. Phys.},
	volume  = {230},
	number  = {1},
	month   = {February},
	year    = {2005},
	pages   = {344--357},
	doi     = {10.1016/j.jcp.2004.08.020}}

@article{lin02,
	author  = {Linde, T.},
	title   = {A Practical, General-Purpose, Two-state {HLL} {Riemann} Solver for Hyperbolic Conservation Laws},
	journal = {Int. J. Numer. Meth. Fluids},
	volume  = {40},
	number  = {3--4},
	month   = {September},
	year    = {2002},
	pages   = {391--402},
	doi     = {10.1002/ d.312}}

@article{lin16,
	author  = {Lindqvist, S. and Aursand, P. and Fl\r{a}tten, T. and Solberg, A. A.},
	title   = {Large {Time} {Step} {TVD} Schemes for Hyperbolic Conservation Laws},
	journal = {SIAM J. Numer. Anal.},
	volume  = {54},
	number  = {5},
	month   = {September},
	year    = {2016},
	pages   = {2775--2798},
	doi     = {10.1137/15M104935X}} 

@article{loc16,
	author  = {Lochon, H. and Daude, F. and Galon, P. and H\'{e}rard, J.-M},
	title   = {{HLLC}-type {Riemann} Solver with Approximated Two-Phase Contact for the Computation of the {Baer--Nunziato} Two-Fluid Model},
	journal = {J. Comput. Phys.},
	volume  = {326},
	number  = {},
	month   = {December},
	year    = {2016},
	pages   = {733--762},
	doi     = {10.1016/j.jcp.2016.09.015}}

@article{lou05,
	author  = {Loub\'{e}re, R. and Shashkov, M. J.},
	title   = {A Subcell Remapping Method on Staggered Polygonal Grids for Arbitrary-{Lagrangian}-{Eulerian} Methods},
	journal = {J. Comput. Phys.},
	volume  = {209},
	number  = {1},
	month   = {October},
	year    = {2005},
	pages   = {105--138},
	doi     = {10.1016/j.jcp.2005.03.019}}

@article{luc85,
	author  = {Lucier, B. J.},
	title   = {Error Bounds for the Methods of {Glimm}, {Godunov} and {LeVeque}},
	journal = {SIAM J. Numer. Anal.},
	volume  = {22},
	number  = {6},
	month   = {December},
	year    = {1985},
	pages   = {1074--1081},
	doi     = {10.1137/0722064}}

@article{letterM,}

@article{mig05,
	author  = {Mignone, A. and Bodo, G.},
	title   = {An {HLLC} {Riemann} Solver for Relativistic Flows --- {I.} {Hydrodynamics}},
	journal = {Mon. Not. R. Astron. Soc},
	volume  = {364},
	number  = {1},
	month   = {November},
	year    = {2005},
	pages   = {126--136},
	doi     = {10.1111/j.1365-2966.2005.09546.x}}

@article{mig06,
	author  = {Mignone, A. and Bodo, G.},
	title   = {An {HLLC} {Riemann} Solver for Relativistic Flows -- {II.} {Magnetohydrodynamics}},
	journal = {Mon. Not. R. Astron. Soc},
	volume  = {368},
	number  = {3},
	month   = {May},
	year    = {2006},
	pages   = {1040--1054},
	doi     = {10.1111/j.1365-2966.2006.10162.x}}

@article{miy05,
	author  = {Miyoshi, T. and Kusano, K.},
	title   = {A Multi-State {HLL} Approximate {Riemann} Solver for Ideal Magnetohydrodynamics},
	journal = {J. Comput. Phys.},
	volume  = {208},
	number  = {1},
	month   = {September},
	year    = {2005},
	pages   = {315--344},
	doi     = {10.1016/j.jcp.2005.02.017}}

@article{mor12a,
	author  = {Morales-Hern\'{a}ndez, M. and Garc\'{\i}a-Navarro, P. and Murillo, J.},
	title   = {A Large Time Step {1D} Upwind Explicit Scheme ({CFL}\textgreater1): {Application} to Shallow Water Equations},
	journal = {J. Comput. Phys.},
	volume  = {231},
	number  = {19},
	month   = {August},
	year    = {2012},
	pages   = {6532--6557},
	doi     = {10.1016/j.jcp.2012.06.017}} 

@article{mor14,
	author  = {Morales-Hern\'{a}ndez, M. and Hubbard, M. E. and Garc\'{\i}a-Navarro, P.},
	title   = {A {2D} Extension of a {Large} {Time} {Step} Explicit Scheme ({CFL}\textgreater1) for Unsteady Problems with Wet/Dry Boundaries},
	journal = {J. Comput. Phys.},
	volume  = {263},
	number  = {},
	month   = {April},
	year    = {2014},
	pages   = {303--327},
	doi     = {10.1016/j.jcp.2014.01.019}} 

@article{mor17,
	author  = {Morales-Hern\'{a}ndez, M. and Lacasta, A. and Murillo, J. and Garc\'{\i}a-Navarro, P.},
	title   = {A {Large} {Time} {Step} Explicit Scheme ({CFL}\textgreater1) on Unstructured Grids for {2D} Conservation Laws: {Application} to the Homogeneous Shallow Water Equations},
	journal = {Appl. Math. Model.},
	volume  = {47},
	number  = {},
	month   = {July},
	year    = {2017},
	pages   = {294--317},
	doi     = {10.1016/j.apm.2017.02.043}} 

@article{mun07,
	author  = {Munkejord, S. T.},
	title   = {Comparison of {Roe}-type Methods for Solving the Two-Fluid Model with and Without Pressure Relaxation},
	journal = {Comput. Fluids},
	volume  = {36},
	number  = {6},
	month   = {July},
	year    = {2007},
	pages   = {1061--1080},
	doi     = {10.1016/j.compfluid.2007.01.001}}

@article{mun09,
	author  = {Munkejord, S. T. and Evje, S. and Fl\aa{}tten, T.},
	title   = {A {MUSTA} Scheme for a Nonconservative Two-Fluid Model},
	journal = {SIAM. J. Sci. Comput.},
	volume  = {31},
	number  = {4},
	month   = {June},
	year    = {2009},
	pages   = {2587--2622},
	doi     = {10.1137/080719273}}

@article{mur06,
	author  = {Murillo, J. and Garc\'{\i}a-Navarro, P. and Brufau, P. and Burguete, J.},
	title   = {Extension of an Explicit Finite Volume Method to Large Time Steps ({CFL}\textgreater1): {Application} to Shallow Water Flows},
	journal = {Int. J. Numer. Meth. Fluids},
	volume  = {50},
	number  = {1},
	month   = {January},
	year    = {2006},
	pages   = {63--102},
	doi     = {10.1002/fld.1036}}

@article{mur05,
	author  = {Murrone, A. and Guillard, H.},
	title   = {A Five Equation Reduced Model for Compressible Two Phase Flow Problems},
	journal = {J. Comput. Phys.},
	volume  = {202},
	number  = {2},
	month   = {January},
	year    = {2005},
	pages   = {664--698},
	doi     = {10.1016/j.jcp.2004.07.019}}

@article{letterN,}

@article{nor11,
	author  = {Norman, M. R. and Nair, D. R. and Semazzi, F. H. M.},
	title   = {A Low Communication and Large Time Step Explicit Finite-Volume Solver for Non-Hydrostatic Atmospheric Dynamics},
	journal = {J. Comput. Phys.},
	volume  = {230},
	number  = {4},
	month   = {February},
	year    = {2011},
	pages   = {1567--1584},
	doi     = {10.1016/j.jcp.2010.11.022}}

@article{letterO,}

@article{ole57,
	author  = {Oleinik, O. A.},
	title   = {Discontinuous Solutions of Non-Linear Differential Equations},
	journal = {Amer. Math. Soc. Transl. Ser. 2},
	volume  = {26},
	number  = {},
	month   = {},
	year    = {1957},
	pages   = {95--172},
	doi     = {}}

@article{osh82,
	author  = {Osher, S. and Solomon, F.},
	title   = {Upwind Difference Schemes for Hyperbolic Systems of Conservation Laws},
	journal = {Math. Comp.},
	volume  = {38},
	number  = {158},
	month   = {April},
	year    = {1982},
	pages   = {339--374},
	doi     = {10.1090/S0025-5718-1982-0645656-0}}

@article{osh84,
	author  = {Osher, S.},
	title   = {Riemann Solvers, the Entropy Condition, and Difference Approximations},
	journal = {SIAM J. Numer. Anal.},
	volume  = {21},
	number  = {2},
	month   = {April},
	year    = {1984},
	pages   = {217--235},
	doi     = {10.1137/0721016}}

@article{letterP,}

@article{par06,
	author  = {Par\'{e}s, C.},
	title   = {Numerical Methods for Nonconservative Hyperbolic Systems: a Theoretical Framework},
	journal = {SIAM J. Numer. Anal.},
	volume  = {44},
	number  = {1},
	month   = {},
	year    = {2006},
	pages   = {300--321},
	doi     = {10.1137/050628052}}

@article{par03,
	author  = {Park, S. H. and Kwon, J. H.},
	title   = {On the Dissipation Mechanism of {Godunov}-type Schemes},
	journal = {J. Comput. Phys.},
	volume  = {188},
	number  = {2},
	month   = {July},
	year    = {2003},
	pages   = {524--542},
	doi     = {10.1016/S0021-9991(03)00191-8}}

@article{pel14,
	author  = {Pelanti, M. and Shyue, K.-M.},
	title   = {A Mixture-Energy-Consistent Six-Equation Two-Phase Numerical Model for Fluids with Interfaces, Cavitation and Evaporation Waves},
	journal = {J. Comput. Phys.},
	volume  = {259},
	number  = {},
	month   = {February},
	year    = {2014},
	pages   = {331--357},
	doi     = {10.1016/j.jcp.2013.12.003}}

@article{pel15,
	author  = {Pelanti, M. and Shyue, K.-M.},
	title   = {Corrigendum to "A Mixture-Energy-Consistent Six-Equation Two-Phase Numerical Model for Fluids with Interfaces, Cavitation and Evaporation Waves" [J. Comput. Phys. 259 (2014) 331--357]},
	journal = {J. Comput. Phys.},
	volume  = {288},
	number  = {},
	month   = {May},
	year    = {2015},
	pages   = {196--197},
	doi     = {10.1016/j.jcp.2015.01.036}}

@article{per96,
	author  = {Perthame, B. and Shu, C.-W.},
	title   = {On Positivity Preserving Finite Volume Schemes For {Euler} Equations},
	journal = {Numer. Math.},
	volume  = {73},
	number  = {1},
	month   = {March},
	year    = {1996},
	pages   = {119--130},
	doi     = {10.1007/s002110050187}}

@article{jp1,
	author   = {Prebeg, M. and Fl\aa{}tten, T. and M\"{u}ller, B.},
	title    = {{Large} {Time} {Step} {Roe} Scheme for a Common {1D} Two-Fluid Model},
	journal  = {Appl. Math. Model.},
	volume   = {44},
	number   = {},
	month    = {April},
	year     = {2017},
	pages    = {124--142},
	doi      = {10.1016/j.apm.2016.12.010},
	keywords = {my}}

@article{jp2,
	author   = {Prebeg, M. and Fl\aa{}tten, T. and M\"{u}ller, B.},
	title    = {{Large} {Time} {Step} {HLL} and {HLLC} schemes},
	journal  = {},
	volume   = {},
	number   = {},
	year     = {2017},
	pages    = {},
	doi      = {},
	note     = {Submitted},
	keywords = {my}}

@article{jp3,
	author  = {Prebeg, M. and Fl\aa{}tten, T. and M\"{u}ller, B.},
	title   = {Monotonicity and Positivity Preservation in {Large} {Time} {Step} Methods},
	journal = {},
	volume  = {},
	number  = {},
	year    = {2017},
	pages   = {},
	doi     = {},
	note    = {Preprint},
	keywords = {my}}

@article{letterQ,}

@article{qia11,
	author  = {Qian, Z. and Lee, C.-H.},
	title   = {A Class of Large Time Step {Godunov} Schemes for Hyperbolic Conservation Laws and Applications},
	journal = {J. Comput. Phys.},
	volume  = {230},
	number  = {19},
	month   = {August},
	year    = {2011},
	pages   = {7418--7440},
	doi     = {10.1016/j.jcp.2011.06.008}}

@article{qia12,
	author  = {Qian, Z. and Lee, C.-H.},
	title   = {On Large Time Step {TVD} Scheme for Hyperbolic Conservation Laws and Its Efficiency Evaluation},
	journal = {J. Comput. Phys.},
	volume  = {231},
	number  = {21},
	month   = {August},
	year    = {2012},
	pages   = {7415--7430},
	doi     = {10.1016/j.jcp.2012.07.015}}

@article{qiu08,
	author  = {Qiu, J.-M. and Shu, C.-W.},
	title   = {Convergence of {Godunov}-type Schemes for Scalar Conservation Laws under Large Time Steps},
	journal = {SIAM J. Numer. Anal.},
	volume  = {46},
	number  = {5},
	month   = {},
	year    = {2008},
	pages   = {2211--2237},
	doi     = {10.1137/060657911}}

@article{letterR,}

@article{roe81,
	author  = {Roe, P.},
	title   = {Approximate {Riemann} Solvers, Parameter Vectors, and Difference Schemes},
	journal = {J. Comput. Phys.},
	volume  = {43},
	number  = {2},
	month   = {October},
	year    = {1981},
	pages   = {357--372},
	doi     = {10.1016/0021-9991(81)90128-5}}

@article{letterS,}

@article{shi16,
	author  = {Shirkhani, H. and Mohammadian, A. and Seidou, O. and Kurganov, A.},
	title   = {A Well-Balanced Positivity-Preserving Central-Upwind Scheme for Shallow Water Equations on Unstructured Quadrilateral Grids},
	journal = {Comput. Fluids},
	volume  = {121},
	number  = {},
	month   = {March},
	year    = {2016},
	pages   = {25--40},
	doi     = {10.1016/j.compfluid.2015.11.017}}

@article{sid16,
	author  = {Siddiqui, N. F. and Hussain, M. and Baig, M. M.},
	title   = {To Study Large Time Step High Resolution Low Dissipative Schemes for Hyperbolic Conservation Laws},
	journal = {J. Appl. Fluid. Mech.},
	volume  = {9},
	number  = {4},
	month   = {},
	year    = {2016},
	pages   = {2073--2081},
	doi     = {10.18869/acadpub.jafm.68.235.22895}}

@article{sod78,
	author  = {Sod, G. A.},
	title   = {A Survey of Several Finite Difference Methods for Systems of Nonlinear Hyperbolic Conservation Laws},
	journal = {J. Comput. Phys.},
	volume  = {27},
	number  = {1},
	month   = {April},
	year    = {1978},
	pages   = {1--31},
	doi     = {10.1016/0021-9991(78)90023-2}}

@article{sta91,
	author  = {Staniforth, A. and {C{\^o}t{\'e}}, J.},
	title   = {Semi-{Lagrangian} Integration Schemes for Atmospheric Models---A Review},
	journal = {Mon. Weather Rev.},
	volume  = {119},
	number  = {9},
	month   = {},
	year    = {1991},
	pages   = {2206--2223},
	doi     = {10.1175/1520-0493(1991)119<2206:SLISFA>2.0.CO;2}}

@article{letterT,}

@article{tad84,
	author  = {Tadmor, E.},
	title   = {Numerical Viscosity and the Entropy Condition for Conservative Difference Schemes},
	journal = {Math. Comp},
	volume  = {43},
	number  = {168},
	month   = {October},
	year    = {1984},
	pages   = {369--381},
	doi     = {10.1090/s0025-5718-1984-0758189-x}}

@article{tad84b,
	author  = {Tadmor, E.},
	title   = {The Large-Time Behavior of the Scalar, Genuinely Nonlinear {Lax-Friedrichs} Scheme},
	journal = {Math. Comp},
	volume  = {43},
	number  = {168},
	month   = {October},
	year    = {1984},
	pages   = {353--368},
	doi     = {10.1090/S0025-5718-1984-0758188-8}}

@article{tad86,
	author  = {Tadmor, E.},
	title   = {A Minimum Entropy Principle in the Gas Dynamics Equations},
	journal = {Appl. Numer. Math.},
	volume  = {2},
	number  = {3--5},
	month   = {October},
	year    = {1986},
	pages   = {211--219},
	doi     = {10.1016/0168-9274(86)90029-2}}

@article{tad87,
	author  = {Tadmor, E.},
	title   = {Entropy Functions for Symmetric Systems of Conservation Laws},
	journal = {J. Math. Anal. Appl.},
	volume  = {122},
	number  = {2},
	month   = {March},
	year    = {1987},
	pages   = {355--359},
	doi     = {10.1016/0022-247X(87)90265-4}}

@article{tad03,
	author  = {Tadmor, E.},
	title   = {Entropy Stability Theory for Difference Approximations of Nonlinear Conservation Laws and Related Time-Dependent Problems},
	journal = {Acta Numerica},
	volume  = {12},
	number  = {},
	month   = {May},
	year    = {2003},
	pages   = {451--512},
	doi     = {10.1017/S0962492902000156}}

@article{tan00,
	author  = {Tang, H.-Z. and Xu, K.},
	title   = {Positivity-Preserving Analysis of Explicit and Implicit {Lax--Friedrichs} Schemes for Compressible {Euler} Equations},
	journal = {J. Sci. Comput.},
	volume  = {15},
	number  = {1},
	month   = {March},
	year    = {2000},
	pages   = {19--28},
	doi     = {10.1023/A:1007593601466}}

@article{tan04,
	author  = {Tang, H. and Warnecke, G.},
	title   = {A Note on  {(2K+1)-point} Conservative Monotone Schemes},
	journal = {ESAIM Math. Model. Numer. Anal.},
	volume  = {38},
	number  = {2},
	month   = {March-April},
	year    = {2004},
	pages   = {345--357},
	doi     = {10.1051/m2an:2004016}}

@article{tan14,
	author  = {Tang, K. and Beccantini, A. and Corre, C.},
	title   = {Combining {Discrete} {Equations} {Method} and Upwind Downwind-Controlled Splitting for Non-Reacting and Reacting Two-Fluid Computations: {One} Dimensional Case},
	journal = {Comput. Fluids},
	volume  = {93},
	number  = {},
	month   = {April},
	year    = {2014},
	pages   = {74--90},
	doi     = {10.1016/j.compfluid.2014.01.017}}

@article{tia11,
	author  = {Tian, B. and Toro, E. F. and Castro, C. E.},
	title   = {A Path-Conservative Method for a Five-Equation Model of Two-Phase Flow with an {HLLC}-type {Riemann} Solver},
	journal = {Comput. Fluids},
	volume  = {46},
	number  = {1},
	month   = {July},
	year    = {2011},
	pages   = {122--132},
	doi     = {10.1016/j.compfluid.2011.01.038}}

@article{tho15,
	author  = {Thompson, R.J. and Moeller, T.},
	title   = {A Discontinuous Wave-in-Cell Numerical Scheme for Hyperbolic Conservation Laws},
	journal = {J. Comput. Phys.},
	volume  = {299},
	number  = {},
	month   = {October},
	year    = {2015},
	pages   = {404--428},
	doi     = {10.1016/j.jcp.2015.06.047}}

@article{tok10,
	author  = {Tokareva, S. A. and Toro, E. F.},
	title   = {{HLLC}-type {Riemann} Solver for {Baer}--{Nunziato} Equations of Compressible Two-Phase Flow},
	journal = {J. Comput. Phys.},
	volume  = {229},
	number  = {10},
	month   = {May},
	year    = {2010},
	pages   = {3573--3604},
	doi     = {10.1016/j.jcp.2010.01.016}}

@article{tor94,
	author  = {Toro, E. F. and Spruce, M. and Speares, W.},
	title   = {Restoration of the Contact Surface in the {HLL-Riemann} Solver},
	journal = {Shock Waves},
	volume  = {4},
	number  = {1},
	month   = {July},
	year    = {1994},
	pages   = {25--34},
	doi     = {10.1007/BF01414629}} 

@article{tou92,
	author  = {Toumi, I.},
	title   = {A Weak Formulation of {Roe's} Approximate {Riemann} Solver},
	journal = {J. Comput. Phys.},
	volume  = {102},
	number  = {2},
	month   = {October},
	year    = {1992},
	pages   = {360--373},
	doi     = {10.1016/0021-9991(92)90378-C}} 

@article{tou96,
	author  = {Toumi, I. and Kumbaro, A.},
	title   = {An Approximate Linearized {Riemann} Solver for a Two-Fluid Model},
	journal = {J. Comput. Phys.},
	volume  = {124},
	number  = {2},
	month   = {March},
	year    = {1996},
	pages   = {286--300},
	doi     = {10.1006/jcph.1996.0060}} 

@article{letterV,}

@article{vol67,
	author  = {Vol'pert, A. I.},
	title   = {The Spaces {BV} and Quasilinear Equations},
	journal = {Math. Sb.},
	volume  = {73(115)},
	number  = {2},
	month   = {},
	year    = {1967},
	pages   = {255--302},
	doi     = {},
	note    = {In Russian}}

@article{vol67b,
	author  = {Vol'pert, A. I.},
	title   = {The Spaces {BV} and Quasilinear Equations},
	journal = {Math. USSR-Sb.},
	volume  = {2},
	number  = {2},
	year    = {1967},
	pages   = {225--267},
	doi     = {10.1070/SM1967v002n02ABEH002340}}

@article{vuy04,
	author  = {De Vuyst, F.},
	title   = {Stable and Accurate Hybrid Finite Volume Methods Based on Pure Convexity Arguments for Hyperbolic Systems of Conservation Law},
	journal = {J. Comput. Phys.},
	volume  = {193},
	number  = {2},
	month   = {January},
	year    = {2004},
	pages   = {426--468},
	doi     = {10.1016/j.jcp.2003.07.028}}

@article{letterW,}

@article{wan93a,
	author  = {Wang, J. and Warnecke, G.},
	title   = {On Entropy Consistency of Large Time Step Schemes I. {The} {Godunov} and {Glimm} Schemes},
	journal = {SIAM J. Numer. Anal.},
	volume  = {30},
	number  = {5},
	month   = {October},
	year    = {1993},
	pages   = {1229--1251},
	doi     = {10.1137/0730064}}

@article{wan93b,
	author  = {Wang, J. and Warnecke, G.},
	title   = {On Entropy Consistency of Large Time Step Schemes II. {Approximate} {Riemann} Solvers},
	journal = {SIAM J. Numer. Anal.},
	volume  = {30},
	number  = {5},
	month   = {October},
	year    = {1993},
	pages   = {1252--1267},
	doi     = {10.1137/0730065}}

@article{wan04,
	author  = {Wang, J. and Wen, H. and Zhou, T.},
	title   = {On Large Time Step {Godunov} Scheme for Hyperbolic Conservation Laws},
	journal = {Comm. Math. Sci.},
	volume  = {2},
	number  = {3},
	month   = {},
	year    = {2004},
	pages   = {477--495},
	doi     = {10.1137/0730064}}

@article{wen10,
	author  = {Wen, H. and Wang, J.},
	title   = {Large Time Step  {Godunov} Method for 2-D conservation Laws},
	journal = {Acta Analysis Functionalis Applicata},
	volume  = {12},
	number  = {2},
	month   = {},
	year    = {2010},
	pages   = {97--109},
	doi     = {}}

@article{woo84,
	author  = {Woodward, P. and Colella, P.},
	title   = {The Numerical Simulation of Two-Dimensional Fluid Flow with Strong Shocks},
	journal = {J. Comput. Phys.},
	volume  = {54},
	number  = {1},
	month   = {April},
	year    = {1984},
	pages   = {115--173},
	doi     = {10.1016/0021-9991(84)90142-6}}

@article{letterX,}

@article{xin10,
	author  = {Xing, Y. and Zhang, X. and Shu, C.-W.},
	title   = {Positivity-Preserving High Order Well-Balanced Discontinuous {Galerkin} Methods for the Shallow Water Equations},
	journal = {Adv. Water Resour.},
	volume  = {33},
	number  = {12},
	month   = {December},
	year    = {2010},
	pages   = {1476--1493},
	doi     = {10.1016/j.advwatres.2010.08.005}}

@article{xu14,
	author  = {Xu, R. and Zhong, D. and Wu, B. and Fu, X. and Miao, R.},
	title   = {A Large Time Step {Godunov} Scheme for Free-Surface Shallow Water Equations},
	journal = {Chinese Sci. Bull.},
	volume  = {59},
	number  = {21},
	month   = {July},
	year    = {2014},
	pages   = {2534--2540},
	doi     = {10.1007/s11434-014-0374-7}} 

@article{letterY,}

@article{yeo10,
	author  = {Yeom, G.-S. and Chang, K.-S.},
	title   = {Two-Dimensional Two-Fluid Two-Phase Flow Simulation Using an Approximate {Jacobian} Matrix for {HLL} Scheme},
	journal = {Numer. Heat Tran. B},
	volume  = {56},
	number  = {5},
	month   = {January},
	year    = {2010},
	pages   = {372--392},
	doi     = {10.1080/10407790903507998}}

@article{letterZ,}

@article{zan16,
	author  = {Zanotti, O. and Dumbser, M.},
	title   = {Efficient Conservative {ADER} Schemes Based on {WENO} Reconstruction and Space-Time Predictor in Primitive Variables},
	journal = {Comput. Astrophys.},
	volume  = {3},
	number  = {1},
	month   = {December},
	year    = {2016},
	pages   = {},
	doi     = {10.1186/s40668-015-0014-x}}

@article{zha10a,
	author  = {Zhang, X. and Shu, C.-W.},
	title   = {On Maximum-Principle-Satisfying High Order Schemes for Scalar Conservation Laws},
	journal = {J. Comput. Phys.},
	volume  = {229},
	number  = {9},
	month   = {May},
	year    = {2010},
	pages   = {3091--3120},
	doi     = {10.1016/j.jcp.2009.12.030}}

@article{zha10b,
	author  = {Zhang, X. and Shu, C.-W.},
	title   = {On Positivity-Preserving High Order Discontinuous {Galerkin} Schemes for Compressible {Euler} Equations on Rectangular Meshes},
	journal = {J. Comput. Phys.},
	volume  = {229},
	number  = {23},
	month   = {November},
	year    = {2010},
	pages   = {8918--8934},
	doi     = {10.1016/j.jcp.2010.08.016}}

@article{zha11,
	author  = {Zhang, X. and Shu, C.-W.},
	title   = {Maximum-Principle-Satisfying and Positivity-Preserving High-Order Schemes for Conservation Laws: {Survey} and New Developments},
	journal = {Proc. Math. Phys. Eng. Sci.},
	volume  = {467},
	number  = {2134},
	month   = {October},
	year    = {2011},
	pages   = {2752--2776},
	doi     = {10.1098/rspa.2011.0153}}

@article{zha12,
	author  = {Zhang, X. and Shu, C.-W.},
	title   = {Positivity-Preserving High Order Finite Difference {WENO} Schemes for Compressible {Euler} Equations},
	journal = {J. Comput. Phys.},
	volume  = {231},
	number  = {5},
	month   = {March},
	year    = {2012},
	pages   = {2245--2258},
	doi     = {10.1016/j.jcp.2011.11.020}}

